<record><leader>00000cas a22000007a 4500</leader><controlfield tag="001">12158981</controlfield><controlfield tag="008">850614d18831uuupaudr ne      0    0eng d</controlfield><datafield ind1=" " ind2=" " tag="010"><subfield code="a">sn 85054959 </subfield></datafield><datafield ind1=" " ind2=" " tag="040"><subfield code="a">NPH</subfield><subfield code="b">eng</subfield><subfield code="c">NPH</subfield><subfield code="d">NPY</subfield><subfield code="d">OCLCQ</subfield></datafield><datafield ind1=" " ind2=" " tag="042"><subfield code="a">msc</subfield></datafield><datafield ind1="0" ind2="0" tag="245"><subfield code="a">Renovo evening news.</subfield></datafield><datafield ind1=" " ind2=" " tag="260"><subfield code="a">Renovo, Pa. :</subfield><subfield code="b">John P. Dwyer</subfield></datafield><datafield ind1=" " ind2=" " tag="300"><subfield code="a">v. ;</subfield><subfield code="c">51 cm.</subfield></datafield><datafield ind1=" " ind2=" " tag="310"><subfield code="a">Daily</subfield></datafield><datafield ind1="1" ind2=" " tag="362"><subfield code="a">Began with Sept. 21, 1883 issue.</subfield><subfield code="z">Cf. Rossell, G. Pennsylvania newspapers.</subfield></datafield><datafield ind1=" " ind2=" " tag="588"><subfield code="a">Description based on: Vol. 3, no. 169 (Apr. 14, 1886).</subfield></datafield><datafield ind1=" " ind2=" " tag="752"><subfield code="a">United States</subfield><subfield code="b">Pennsylvania</subfield><subfield code="c">Clinton</subfield><subfield code="d">Renovo.</subfield></datafield><datafield ind1="0" ind2="0" tag="785"><subfield code="t">Evening news (Renovo, Pa.)</subfield><subfield code="w">(DLC)sn 85054960</subfield></datafield></record>